<?xml version="1.0" encoding="UTF-8"?><collection xmlns="http://www.loc.gov/MARC21/slim"><record><leader>00373nam--2200133-i-4500</leader><controlfield tag="001">000040537</controlfield><controlfield tag="002">20161230</controlfield><controlfield tag="005">20161230201042</controlfield><controlfield tag="008">060222s1000------------r-----000-0-eng-d</controlfield><datafield ind1=" " ind2=" " tag="080"><subfield code="a">621.3.049.77</subfield></datafield><datafield ind1=" " ind2=" " tag="100"><subfield code="a">Schmelovsky,K.H</subfield></datafield><datafield ind1=" " ind2=" " tag="245"><subfield code="a">Zustandsschatzung und adaptive regelung mit mikroelektronischen mitteln</subfield></datafield><datafield ind1=" " ind2=" " tag="260"><subfield code="a">Berlin, Akademie-verlag, 1983. 200 P</subfield></datafield><datafield ind1=" " ind2=" " tag="852"><subfield code="a">72040</subfield></datafield></record></collection>